@article{1998Gradient,
  title   = {Gradient-based learning applied to document recognition},
  author  = { Lecun, Y  and  Bottou, L },
  journal = {Proceedings of the IEEE},
  volume  = {86},
  number  = {11},
  pages   = {2278-2324},
  year    = {1998}
}

@article{2012ImageNet,
  title   = {ImageNet Classification with Deep Convolutional Neural Networks},
  author  = { Krizhevsky, Alex  and  Sutskever, I.  and  Hinton, G. },
  journal = {Advances in neural information processing systems},
  volume  = {25},
  number  = {2},
  year    = {2012}
}

@article{redmon2016you,
  title     = {You only look once: Unified, real-time object detection},
  author    = {Redmon, J},
  booktitle = {Proceedings of the IEEE conference on computer vision and pattern recognition},
  year      = {2016}
}
